%YAML 1.1
%TAG !u! tag:unity3d.com,2011:
--- !u!1 &8683331260971266796
GameObject:
  m_ObjectHideFlags: 0
  m_CorrespondingSourceObject: {fileID: 0}
  m_PrefabInstance: {fileID: 0}
  m_PrefabAsset: {fileID: 0}
  serializedVersion: 6
  m_Component:
  - component: {fileID: 8343678527900280918}
  - component: {fileID: 4928460813020424179}
  - component: {fileID: 7170187688930382649}
  - component: {fileID: 1114056910548288403}
  - component: {fileID: 8254422315112002337}
  - component: {fileID: 4539002835907857168}
  - component: {fileID: 5376857794544687652}
  - component: {fileID: 7347746730086369629}
  m_Layer: 0
  m_Name: Chalk
  m_TagString: Untagged
  m_Icon: {fileID: 0}
  m_NavMeshLayer: 0
  m_StaticEditorFlags: 0
  m_IsActive: 1
--- !u!4 &8343678527900280918
Transform:
  m_ObjectHideFlags: 0
  m_CorrespondingSourceObject: {fileID: 0}
  m_PrefabInstance: {fileID: 0}
  m_PrefabAsset: {fileID: 0}
  m_GameObject: {fileID: 8683331260971266796}
  m_LocalRotation: {x: 0, y: 0, z: 0, w: 1}
  m_LocalPosition: {x: 190.865, y: 148.5076, z: 181.246}
  m_LocalScale: {x: 2.5, y: 3, z: 2.5}
  m_Children:
  - {fileID: 3937342976823591641}
  m_Father: {fileID: 0}
  m_RootOrder: 0
  m_LocalEulerAnglesHint: {x: 0, y: 0, z: 0}
--- !u!33 &4928460813020424179
MeshFilter:
  m_ObjectHideFlags: 0
  m_CorrespondingSourceObject: {fileID: 0}
  m_PrefabInstance: {fileID: 0}
  m_PrefabAsset: {fileID: 0}
  m_GameObject: {fileID: 8683331260971266796}
  m_Mesh: {fileID: 2534964839176971238, guid: 4d031c8f5380efa44b174eae2fe86973, type: 3}
--- !u!23 &7170187688930382649
MeshRenderer:
  m_ObjectHideFlags: 0
  m_CorrespondingSourceObject: {fileID: 0}
  m_PrefabInstance: {fileID: 0}
  m_PrefabAsset: {fileID: 0}
  m_GameObject: {fileID: 8683331260971266796}
  m_Enabled: 1
  m_CastShadows: 1
  m_ReceiveShadows: 1
  m_DynamicOccludee: 1
  m_MotionVectors: 1
  m_LightProbeUsage: 1
  m_ReflectionProbeUsage: 1
  m_RayTracingMode: 2
  m_RenderingLayerMask: 1
  m_RendererPriority: 0
  m_Materials:
  - {fileID: 2100000, guid: 4fa0a0ca7e1685f4a97c5027e18592ae, type: 2}
  m_StaticBatchInfo:
    firstSubMesh: 0
    subMeshCount: 0
  m_StaticBatchRoot: {fileID: 0}
  m_ProbeAnchor: {fileID: 0}
  m_LightProbeVolumeOverride: {fileID: 0}
  m_ScaleInLightmap: 1
  m_ReceiveGI: 1
  m_PreserveUVs: 0
  m_IgnoreNormalsForChartDetection: 0
  m_ImportantGI: 0
  m_StitchLightmapSeams: 1
  m_SelectedEditorRenderState: 3
  m_MinimumChartSize: 4
  m_AutoUVMaxDistance: 0.5
  m_AutoUVMaxAngle: 89
  m_LightmapParameters: {fileID: 0}
  m_SortingLayerID: 0
  m_SortingLayer: 0
  m_SortingOrder: 0
--- !u!65 &1114056910548288403
BoxCollider:
  m_ObjectHideFlags: 0
  m_CorrespondingSourceObject: {fileID: 0}
  m_PrefabInstance: {fileID: 0}
  m_PrefabAsset: {fileID: 0}
  m_GameObject: {fileID: 8683331260971266796}
  m_Material: {fileID: 0}
  m_IsTrigger: 0
  m_Enabled: 1
  serializedVersion: 2
  m_Size: {x: 0.57960206, y: 1.2164633, z: 0.56276244}
  m_Center: {x: -0.010491944, y: 0.6166321, z: 0.0289032}
--- !u!114 &8254422315112002337
MonoBehaviour:
  m_ObjectHideFlags: 0
  m_CorrespondingSourceObject: {fileID: 0}
  m_PrefabInstance: {fileID: 0}
  m_PrefabAsset: {fileID: 0}
  m_GameObject: {fileID: 8683331260971266796}
  m_Enabled: 1
  m_EditorHideFlags: 0
  m_Script: {fileID: 11500000, guid: 20c7af563a0c14dac9f2508692a2116b, type: 3}
  m_Name: 
  m_EditorClassIdentifier: 
--- !u!114 &4539002835907857168
MonoBehaviour:
  m_ObjectHideFlags: 0
  m_CorrespondingSourceObject: {fileID: 0}
  m_PrefabInstance: {fileID: 0}
  m_PrefabAsset: {fileID: 0}
  m_GameObject: {fileID: 8683331260971266796}
  m_Enabled: 1
  m_EditorHideFlags: 0
  m_Script: {fileID: 11500000, guid: b5840ee1ea29f4595841176d4e43cb26, type: 3}
  m_Name: 
  m_EditorClassIdentifier: 
  interactableType: {fileID: 11400000, guid: cf1319237197bec4ea151f300d40aaa8, type: 2}
--- !u!208 &5376857794544687652
NavMeshObstacle:
  m_ObjectHideFlags: 0
  m_CorrespondingSourceObject: {fileID: 0}
  m_PrefabInstance: {fileID: 0}
  m_PrefabAsset: {fileID: 0}
  m_GameObject: {fileID: 8683331260971266796}
  m_Enabled: 1
  serializedVersion: 3
  m_Shape: 1
  m_Extents: {x: 0.040000003, y: 0.17400001, z: 0.040000003}
  m_MoveThreshold: 0.1
  m_Carve: 0
  m_CarveOnlyStationary: 1
  m_Center: {x: 0, y: 0.18300001, z: 0}
  m_TimeToStationary: 0.5
--- !u!54 &7347746730086369629
Rigidbody:
  m_ObjectHideFlags: 0
  m_CorrespondingSourceObject: {fileID: 0}
  m_PrefabInstance: {fileID: 0}
  m_PrefabAsset: {fileID: 0}
  m_GameObject: {fileID: 8683331260971266796}
  serializedVersion: 2
  m_Mass: 1
  m_Drag: 0
  m_AngularDrag: 0.05
  m_UseGravity: 1
  m_IsKinematic: 0
  m_Interpolate: 0
  m_Constraints: 80
  m_CollisionDetection: 0
--- !u!1001 &2997959887741547367
PrefabInstance:
  m_ObjectHideFlags: 0
  serializedVersion: 2
  m_Modification:
    m_TransformParent: {fileID: 8343678527900280918}
    m_Modifications:
    - target: {fileID: 2050073324, guid: f65e13bb674d4c64584afd3b501d6b92, type: 3}
      propertyPath: item
      value: 
      objectReference: {fileID: 8683331260971266796}
    - target: {fileID: 2251417397779460542, guid: f65e13bb674d4c64584afd3b501d6b92,
        type: 3}
      propertyPath: m_LocalPosition.x
      value: 0
      objectReference: {fileID: 0}
    - target: {fileID: 2251417397779460542, guid: f65e13bb674d4c64584afd3b501d6b92,
        type: 3}
      propertyPath: m_LocalPosition.y
      value: 0
      objectReference: {fileID: 0}
    - target: {fileID: 2251417397779460542, guid: f65e13bb674d4c64584afd3b501d6b92,
        type: 3}
      propertyPath: m_LocalPosition.z
      value: 0
      objectReference: {fileID: 0}
    - target: {fileID: 2251417397779460542, guid: f65e13bb674d4c64584afd3b501d6b92,
        type: 3}
      propertyPath: m_LocalRotation.x
      value: 0
      objectReference: {fileID: 0}
    - target: {fileID: 2251417397779460542, guid: f65e13bb674d4c64584afd3b501d6b92,
        type: 3}
      propertyPath: m_LocalRotation.y
      value: 0
      objectReference: {fileID: 0}
    - target: {fileID: 2251417397779460542, guid: f65e13bb674d4c64584afd3b501d6b92,
        type: 3}
      propertyPath: m_LocalRotation.z
      value: 0
      objectReference: {fileID: 0}
    - target: {fileID: 2251417397779460542, guid: f65e13bb674d4c64584afd3b501d6b92,
        type: 3}
      propertyPath: m_LocalRotation.w
      value: 1
      objectReference: {fileID: 0}
    - target: {fileID: 2251417397779460542, guid: f65e13bb674d4c64584afd3b501d6b92,
        type: 3}
      propertyPath: m_RootOrder
      value: 0
      objectReference: {fileID: 0}
    - target: {fileID: 2251417397779460542, guid: f65e13bb674d4c64584afd3b501d6b92,
        type: 3}
      propertyPath: m_LocalEulerAnglesHint.x
      value: 0
      objectReference: {fileID: 0}
    - target: {fileID: 2251417397779460542, guid: f65e13bb674d4c64584afd3b501d6b92,
        type: 3}
      propertyPath: m_LocalEulerAnglesHint.y
      value: 0
      objectReference: {fileID: 0}
    - target: {fileID: 2251417397779460542, guid: f65e13bb674d4c64584afd3b501d6b92,
        type: 3}
      propertyPath: m_LocalEulerAnglesHint.z
      value: 0
      objectReference: {fileID: 0}
    - target: {fileID: 2251417397779460542, guid: f65e13bb674d4c64584afd3b501d6b92,
        type: 3}
      propertyPath: m_LocalScale.x
      value: 1
      objectReference: {fileID: 0}
    - target: {fileID: 2251417397779460542, guid: f65e13bb674d4c64584afd3b501d6b92,
        type: 3}
      propertyPath: m_LocalScale.y
      value: 1
      objectReference: {fileID: 0}
    - target: {fileID: 2251417397779460542, guid: f65e13bb674d4c64584afd3b501d6b92,
        type: 3}
      propertyPath: m_LocalScale.z
      value: 1
      objectReference: {fileID: 0}
    - target: {fileID: 4848697997791011786, guid: f65e13bb674d4c64584afd3b501d6b92,
        type: 3}
      propertyPath: m_Name
      value: ItemIndicatorPrefab
      objectReference: {fileID: 0}
    m_RemovedComponents: []
  m_SourcePrefab: {fileID: 100100000, guid: f65e13bb674d4c64584afd3b501d6b92, type: 3}
--- !u!4 &3937342976823591641 stripped
Transform:
  m_CorrespondingSourceObject: {fileID: 2251417397779460542, guid: f65e13bb674d4c64584afd3b501d6b92,
    type: 3}
  m_PrefabInstance: {fileID: 2997959887741547367}
  m_PrefabAsset: {fileID: 0}
